<record><leader>00000cas a22000007a 4500</leader><controlfield tag="001">9430794</controlfield><controlfield tag="008">830420d188u1897ohuwr ne      0    0eng d</controlfield><datafield ind1=" " ind2=" " tag="010"><subfield code="a">sn 83035075 </subfield></datafield><datafield ind1=" " ind2=" " tag="040"><subfield code="a">NPY</subfield><subfield code="b">eng</subfield><subfield code="c">NPY</subfield><subfield code="d">DLC</subfield><subfield code="d">OCLCG</subfield><subfield code="d">OCLCQ</subfield></datafield><datafield ind1=" " ind2=" " tag="042"><subfield code="a">msc</subfield></datafield><datafield ind1="0" ind2=" " tag="130"><subfield code="a">East End signal (Cleveland, Ohio : 1895)</subfield></datafield><datafield ind1="1" ind2="0" tag="245"><subfield code="a">East End signal.</subfield></datafield><datafield ind1=" " ind2=" " tag="260"><subfield code="a">Cleveland, Ohio :</subfield><subfield code="b">[A.L. Shumway]</subfield></datafield><datafield ind1=" " ind2=" " tag="300"><subfield code="a">v. :</subfield><subfield code="b">ill. ;</subfield><subfield code="c">54 cm.</subfield></datafield><datafield ind1=" " ind2=" " tag="310"><subfield code="a">Weekly</subfield></datafield><datafield ind1="1" ind2=" " tag="362"><subfield code="a">Ceased in 1897?</subfield><subfield code="z">Cf. Gutgesell, S. Guide to Ohio newspapers, 1974.</subfield></datafield><datafield ind1=" " ind2=" " tag="500"><subfield code="a">Published on Saturday.</subfield></datafield><datafield ind1=" " ind2=" " tag="500"><subfield code="a">"A clean Republican journal, devoted to the interests of the East End and other eastern suburbs."</subfield></datafield><datafield ind1=" " ind2=" " tag="500"><subfield code="a">Publishers' names from Clev. Directory, 1887-1895.</subfield></datafield><datafield ind1=" " ind2=" " tag="500"><subfield code="a">Publishers: A.L. Shumway, &lt;1887&gt;; J.C. Keffer, &lt;1887-1895&gt;. Cf. Clev. Directory, 1887-1895.</subfield></datafield><datafield ind1=" " ind2=" " tag="588"><subfield code="a">Description based on: Vol. 12, no. 37 (Sept. 14, 1895).</subfield></datafield><datafield ind1="1" ind2=" " tag="700"><subfield code="a">Shumway, A. L.</subfield><subfield code="q">(Arthur L.)</subfield></datafield><datafield ind1="1" ind2=" " tag="700"><subfield code="a">Keffer, John C.</subfield></datafield><datafield ind1=" " ind2=" " tag="752"><subfield code="a">United States</subfield><subfield code="b">Ohio</subfield><subfield code="c">Cuyahoga</subfield><subfield code="d">Cleveland.</subfield></datafield><datafield ind1="0" ind2="0" tag="780"><subfield code="t">East End signal and vanity fair</subfield><subfield code="w">(DLC)sn 84028768</subfield></datafield></record>